@Misc{DrivenData22,
  author       = {DrivenData},
  howpublished = {Website},
  note         = {Source: \url{https://www.drivendata.org/competitions/57/nepal-earthquake/page/134/}, last access on 13.12.2022},
  title        = {DrivenData Competition: Richter's Predictor: Modeling Earthquake Damage},
  year         = {2022},
}
